@online{DepEngEle,
author = {Departamento de Engenharia Elétrica},
title = {Projeto de Graduação},
url = {http://ele.ufes.br/},
urlaccessdate = {2019-05-17},
year = {2016}
}

@online{SistEmprestimo,
author = {Anônimo},
title = {Sistema de Emprétimo},
url = {http://wille.blog.br/2012/02/vaivem-sistema-de-emprestimos},
urlaccessdate = {2019-05-17},
year = {2016}
}

@online{Laravel,
author = {Anônimo},
title = {Laravel},
url = {https://laravel.com/},
urlaccessdate = {2019-05-17},
year = {2016}
}

@online{Cake,
author = {Anônimo},
title = {CakePHP},
url = {https://cakephp.org/},
urlaccessdate = {2019-05-17},
year = {2016}
}

@online{Software,
author = {Anônimo},
title = {Softwares de automação de bibliotecas},
url = {http://portaldobibliotecario.com/tecnologia-da-informacao/softwares-de-automacao-de-bibliotecas/},
urlaccessdate = {2019-05-17},
year = {2016}
}

@online{LandItens,
author = {Anônimo},
title = {Land-Items},
url = {http://www.lend-items.com/},
urlaccessdate = {2019-05-17},
year = {2016}
}

@online{SistBib,
author = {Anônimo},
title = {Sistema de Biblioteca USP},
url = {http://biblioteca.fflch.usp.br/sites/biblioteca.fflch.usp.br/files/REGRAS_EMPR%C3%89STIMOS_.pdf},
urlaccessdate = {2019-05-17},
year = {2016}
}

